% Encoding: UTF-8

@Article{Yule1899a,
  author    = {G. Udny Yule},
  title     = {An investigation into the causes of changes in pauperism in {England}, chiefly during the last two intercensal decades (part {I}.)},
  journal   = {Journal of the Royal Statistical Society},
  year      = {1899},
  volume    = {62},
  number    = {2},
  month     = {6},
  pages     = {249},
  doi       = {10.2307/2979889},
  publisher = {{JSTOR}},
  timestamp = {2017-04-21},
}

@Article{Gross2014a,
  author       = {Justin H. Gross},
  title        = {Testing what matters (if you must test at all): a context-driven approach to substantive and statistical significance},
  journaltitle = {American Journal of Political Science},
  date         = {2014-11},
  volume       = {59},
  number       = {3},
  pages        = {775--788},
  doi          = {10.1111/ajps.12149},
  publisher    = {Wiley-Blackwell},
  timestamp    = {2017-04-21},
}

@Article{McCaskeyRainey2015a,
  author       = {Kelly McCaskey and Carlisle Rainey},
  title        = {Substantive Importance and the Veil of Statistical Significance},
  journaltitle = {Statistics, Politics and Policy},
  date         = {2015-01},
  volume       = {6},
  number       = {1-2},
  doi          = {10.1515/spp-2015-0001},
  publisher    = {Walter de Gruyter GmbH},
  timestamp    = {2017-04-21},
}

@Article{AronowSamii2015a,
  author       = {Peter M. Aronow and Cyrus Samii},
  title        = {Does Regression Produce Representative Estimates of Causal Effects?},
  journaltitle = {American Journal of Political Science},
  date         = {2015-04},
  volume       = {60},
  number       = {1},
  pages        = {250--267},
  doi          = {10.1111/ajps.12185},
  publisher    = {Wiley-Blackwell},
  timestamp    = {2017-04-21},
}

@TechReport{Plewis2015a,
  author       = {Plewis, Ian},
  title        = {{Census} and {Poor Law Union Data}, 1871-1891},
  institution  = {UK Data Service},
  date         = {2015-11-09},
  number       = {SN 7822},
  doi          = {10.5255/UKDA-SN-7822-1},
  url          = {https://discover.ukdataservice.ac.uk/catalogue?sn=7822},
  urldate      = {2017-03-25},
  howpublished = {data collection},
  timestamp    = {2017-04-21},
}

@Book{Stigler1990a,
  author    = {Stigler, Stephen M.},
  title     = {The History of Statistics: The Measurement of Uncertainty Before 1900},
  year      = {1990},
  date      = {1990-03-11},
  publisher = {HARVARD UNIV PR},
  isbn      = {067440341X},
  pagetotal = {432},
  url       = {http://www.ebook.de/de/product/3239165/stephen_m_stigler_the_history_of_statistics_the_measurement_of_uncertainty_before_1900.html},
  ean       = {9780674403413},
  timestamp = {2017-04-21},
}

@Book{Stigler2016a,
  author    = {Stigler, Stephen M.},
  title     = {The Seven Pillars of Statistical Wisdom},
  year      = {2016},
  date      = {2016-03-04},
  publisher = {Harvard University Press},
  isbn      = {0674088913},
  url       = {http://www.ebook.de/de/product/25237216/stephen_m_stigler_the_seven_pillars_of_statistical_wisdom.html},
  ean       = {9780674088917},
  timestamp = {2017-04-21},
}

@Article{Freedman_1997,
  author    = {David Freedman},
  title     = {From Association to Causation via Regression},
  journal   = {Advances in Applied Mathematics},
  year      = {1997},
  volume    = {18},
  number    = {1},
  month     = {jan},
  pages     = {59--110},
  doi       = {10.1006/aama.1996.0501},
  publisher = {Elsevier {BV}},
  timestamp = {2017-04-21},
}

@Article{NunnWantchekon2011a,
  author       = {Nunn, Nathan and Wantchekon, Leonard},
  title        = {The Slave Trade and the Origins of Mistrust in Africa},
  journaltitle = {American Economic Review},
  date         = {2011-12},
  volume       = {101},
  number       = {7},
  pages        = {3221--52},
  doi          = {10.1257/aer.101.7.3221},
  url          = {http://www.aeaweb.org/articles/?doi=10.1257/aer.101.7.3221},
  timestamp    = {2017-04-21},
}

@Article{Oster2016a,
  author    = {Emily Oster},
  title     = {Unobservable selection and coefficient stability: theory and evidence},
  journal   = {Journal of Business {\&} Economic Statistics},
  year      = {2016},
  month     = {9},
  pages     = {0--0},
  doi       = {10.1080/07350015.2016.1227711},
  publisher = {Informa {UK} Limited},
  timestamp = {2017-04-21},
}

@Article{Zeileis2004a,
  author       = {Achim Zeileis},
  title        = {Econometric Computing with HC and HAC Covariance Matrix Estimators},
  journaltitle = {Journal of Statistical Software},
  date         = {2004},
  volume       = {11},
  number       = {1},
  pages        = {1--17},
  issn         = {1548-7660},
  doi          = {10.18637/jss.v011.i10},
  url          = {https://www.jstatsoft.org/index.php/jss/article/view/v011i10},
  timestamp    = {2017-04-21},
}

@Book{AngristPischke2014a,
  author    = {Angrist, Joshua D. and Jörn-Steffen Pischke},
  title     = {Mastering ‘Metrics},
  date      = {2014},
  publisher = {Princeton UP},
  timestamp = {2017-04-21},
}

@TechReport{SolonHaiderWooldridge2013a,
  author    = {Gary Solon and Steven Haider and Jeffrey Wooldridge},
  title     = {What Are We Weighting For?},
  date      = {2013-02},
  doi       = {10.3386/w18859},
  publisher = {National Bureau of Economic Research},
  timestamp = {2017-04-21},
}

@Article{Plewis2017a,
  author       = {Ian Plewis},
  title        = {Multiple regression, longitudinal data and welfare in the 19th century: reflections on Yule (1899)},
  journaltitle = {Journal of the Royal Statistical Society: Series A (Statistics in Society)},
  date         = {2017-02},
  doi          = {10.1111/rssa.12272},
  publisher    = {Wiley-Blackwell},
  timestamp    = {2017-04-21},
}

@TechReport{Plewis2015a,
  author       = {Plewis, Ian},
  title        = {{Census} and {Poor Law Union Data}, 1871-1891},
  institution  = {UK Data Service},
  date         = {2015-11-09},
  number       = {SN 7822},
  doi          = {10.5255/UKDA-SN-7822-1},
  url          = {https://discover.ukdataservice.ac.uk/catalogue?sn=7822},
  urldate      = {2017-03-25},
  howpublished = {data collection},
  timestamp    = {2017-04-21},
}

@Comment{jabref-meta: databaseType:biblatex;}
